%%%%%%%%%%%%
% Articles %
%%%%%%%%%%%%

@string{ACV             ="Advances in Computer Vision"}
@string{AI              ="Artificial Intelligence"}
@string{AO		="Applied Optics"}
@string{AR              ="Advanced Robotics"}
@string{ASSP		="IEEE Trans. Acoustics, Speech, and Signal Processing"}
@string{CGIP            ="Computer Graphics Image Processing"}
@string{CVIU            ="Computer Vision and Image Understanding"}
@string{CVGIP           ="Computer Vision Graphics and Image Processing"}
@string{GM              ="Graphical Models"}
@string{GMIP            ="Graphical Models and Image Processing"}
@string{IEEE_EXPERT     ="IEEE Expert: Intelligent Systems and Their Applications"}
@string{IJCV            ="International Journal of Computer Vision"}
@string{IVC             ="Image and Vision Computing"}
@string{IP              ="IEEE Trans. Image Processing"}
@string{JASP            ="EURASIP Journal on Applied Signal Processing"}
@string{JEI             ="Journal of Electronic Imaging"}
@string{JOA             ="Journal of Optics A: Pure and Applied Optics"}
@string{JOSA            ="Journal of the Optical Society of America"}
@string{JOSAA           ="Journal of the Optical Society of America A"}
@string{MST             ="Measurement Science and Technology"}
@string{MVA             ="Machine Vision and Applications"}
@string{OE              ="SPIE Optical Engineering"}
@string{OL              ="Optics Letters"}
@string{PAMI            ="IEEE Trans. Pattern Analysis and Machine Intelligence"}
@string{PR              ="Pattern Recognition"}
@string{PRL		="Pattern Recognition Letters"}
@string{RA              ="IEEE Trans. Robotics and Automation"}

%%%%%%%%%%%%%%%
% Articles    %
% Medical     %
%%%%%%%%%%%%%%%
@string{AIM		="Artificial Intelligence in Medicine"}
@string{AMC		="Applied Mathematics and Computation"}
@string{SRT		="Skin Research Technology"}
@string{CMIG		="Computerized Medical Imaging and Graphics"}
@string{OE		="Optics Express"}
@string{CMPB		="Computer Methods and Programs in Biomedicine"}
@string{CBM		="Computers in Biology and Medicine"}		
@string{CD		="Clinics in Dermatology"}
@string{PMB		="Physics in Medicine and Biology"}
@string{BSPC		="Biomedical signal processing and control"}
@string{BEO		="Biomedical Engineering Online"}
@string{BJBS		="British Journal of Biomedical Science"}
@string{BMJ		="British Medical Journal "}
@string{BJD		="Birtish Journal of Dermatology"}

@string{IFS		="IEEE Trans. Fuzzy Systems"}
@string{ISMC		="IEEE Trans. Systems, Man and Cybernetics"}
@string{IITB		="IEEE Trans. Information Technology in Biomedicine"}
@string{IMI		="IEEE Trans. Medical Imaging"}
@string{IBE		="IEEE Trans. Biomedical Engineering"}
@string{IEMBM		="IEEE. Engineering in Medicine and Biology Magazine"}
@string{IJSTSP		="IEEE Journal of Selected Topics in Signal Processing"}
@string{IJS		="IEEE Journal of Systems"}
@string{ISP		="IEEE Trans. Signal Processing"}
@string{IGRS		="IEEE Trans. Geoscience and Remote Sensing"}
@string{ICGA		="IEEE Computer Graphics and Applications"}

@string{CIT		="Journal of computing and information technology"}
@string{IAS		="Journal of Image Analysis and Stereology"}
@string{JIST		="Journal of Imaging Science and Technology"}	
@string{JAAD		="Journal of the American Academy of Dermatology"}	
@string{JBO		="Journal of Biomedical Optics"}
@string{JBSE		="Journal of Biomedical Science and Engineering"}
@string{JID		="Journal of Investigative Dermatology"}
@string{JBI		="Journal of Biomedical Informatics"}
@string{JCGS		="Journal of Computational and Graphical Statistics"}
@string{JID		="Journal of Investigative Dermatology"}
@string{JEADV		="Journal of the European Academy of Dermatology and Venereology"}

@string{IJBI		="International Journal of Biomedical Imaging"}
@string{IJIST		="International Journal of Imaging Systems and Technology"}
@string{IJD		="International Journal of Dermatology"}
@string{IPC		="Informatics in primary care"}

@string{MIA		="Medical Image Analysis"}
@string{MRM		="Magnetic Resonance in Medicine"}
@string{MR		="Melanoma Research"}
@string{CCR		="Clinical Cancer Research"}
@string{DOJ		="Dermatology Online Journal"}

%%%%%%%%%%%%%%%
% Proceedings %
%%%%%%%%%%%%%%%

@string{AD		="Archive of Dermatology"}
@string{EMBC		="International Conference on the IEEE Engineering in Medicine and Biology Society"}
@string{ISBI		="International Symposyom on Biomedical Imaging (ISBI)"}
@string{ACIVS		="Advanced Concepts for Intelligent Vision Systems"}
@string{CVPR            ="IEEE Computer Vision and Pattern Recognition"}
@string{CRA             ="International Conference on Robotics and Automation"}
@string{ECCV            ="European Conference on Computer Vision"}
@string{ECTN			="European Conference on Non-destructive Testing"}
@string{ESSCIRC         ="European Solid-State Circuits Conference"}
@string{IAPR            ="IAPR Workshop on Machine Vision Applications"}
@string{ICCV            ="IEEE International Conference on Computer Vision"}
@string{ICCVGIP         ="Indian Conference on Computer Vision, Graphics and Image Processing"}
@string{ICDSP           ="International Conference on Digital Signal Processing"}
@string{ICIP            ="IEEE International Conference on Image Processing"}
@string{ICPR            ="International Conference on Pattern Recognition"}
@string{IJCAI           ="International Joint Conference on  Artificial Intelligent"}
@string{ISAM            ="Intelligent Systems and Advanced Manufacturing"}
@string{IVCNZ           ="Image and Vision Computing New Zealand"}
@string{MIT             ="MIT AI Memo"}
@string{OMNIVIS		="IEEE International Conference on Computer Vision - OMNIVIS"}
@string{VMV             ="Vision, Modelling, and Visualization"}

@string{PSIP            ="International Conference on Physics in Signal and Image Processing"}
@string{RV              ="Robot Vision"}
@string{TDIM            ="International Conference on 3-D Digital Imaging and Modeling"}
@string{WACV            ="Workshop on Applications of Computer vision"}
